%% This BibTeX bibliography file was created using BibDesk.
%% https://bibdesk.sourceforge.io/

%% Created for Muzhou Zhang at 2020-05-13 13:10:19 +0100 


%% Saved with string encoding Unicode (UTF-8) 



@misc{doherty2015a-public-opinio,
	Author = {Doherty, Carroll},
	Date-Modified = {2020-05-13 12:17:20 +0100},
	Note = {Pew Research Centre. Available at: \url{https://www.pewresearch.org/fact-tank/2015/01/09/a-public-opinion-trend-that-matters-priorities-for-gun-policy/}.},
	Title = {A Public Opinion Trend that Matters: Priorities for Gun Policy},
	Year = {2015}}

@misc{schaeffer2019share-of-americ,
	Author = {Schaeffer, Katherine},
	Date-Added = {2020-05-13 12:08:42 +0100},
	Date-Modified = {2020-05-13 12:12:11 +0100},
	Note = {Pew Research Centre. Available at: \url{https://www.pewresearch.org/fact-tank/2019/10/16/share-of-americans-who-favor-stricter-gun-laws-has-increased-since-2017/}.},
	Title = {Share of Americans Who Favor Stricter Gun Laws Has Increased Since 2017},
	Year = {2019}}

@misc{angus-reid-institute2020four-in-five-ca,
	Author = {{Angus Reid Institute}},
	Date-Modified = {2020-05-12 23:53:20 +0100},
	Note = {Available at: \url{http://angusreid.org/assault-weapons-ban/}.},
	Title = {Four-in-five Canadians Support Complete Ban on Civilian Possession of Assault Style Weapons},
	Year = {2020}}

@misc{wozniak2015american-public,
	Author = {Wozniak, Kevin H},
	Date-Added = {2020-05-12 23:35:24 +0100},
	Date-Modified = {2020-05-12 23:36:11 +0100},
	Note = {USApp--American Politics and Policy Blog, The London School of Economics and Political Science. Available at: \url{http://eprints.lse.ac.uk/id/eprint/62188}.},
	Title = {American Public Opinion about Gun Control Remained Polarized and Politicized in the Wake of the Sandy Hook Mass Shooting},
	Year = {2015}}

@book{zaller1992the-nature-and-,
	Author = {Zaller, John R},
	Date-Added = {2020-05-12 23:30:36 +0100},
	Date-Modified = {2020-05-12 23:31:48 +0100},
	Publisher = {Cambridge University Press},
	Address = {Cambridge, England},
	Title = {The Nature and Origins of Mass Opinion},
	Year = {1992}}

@article{smith2002public-opinion-,
	Author = {Smith, Tom W},
	Date-Added = {2020-05-12 23:29:32 +0100},
	Date-Modified = {2020-05-12 23:31:48 +0100},
	Journal = {The Future of Children},
	Pages = {155--163},
	Title = {Public Opinion about Gun Policies},
	Year = {2002}}

@article{barney2019reexamining-the,
	Author = {Barney, David J and Schaffner, Brian F},
	Date-Added = {2020-05-12 23:28:30 +0100},
	Date-Modified = {2020-05-12 23:31:48 +0100},
	Journal = {British Journal of Political Science},
	Number = {4},
	Pages = {1555--1565},
	Publisher = {Cambridge University Press},
	Title = {Reexamining the Effect of Mass Shootings on Public Support for Gun Control},
	Volume = {49},
	Year = {2019}}

@book{carmines1989issue-evolution,
	Address = {Princeton, NJ},
	Author = {Carmines, Edward G and Stimson, James A},
	Date-Added = {2020-05-12 23:27:08 +0100},
	Date-Modified = {2020-05-12 23:31:48 +0100},
	Publisher = {Princeton University Press},
	Title = {Issue Evolution: Race and the Transformation of American Politics},
	Year = {1989}}

@article{munoz2020unexpected-even,
	Author = {Mu{\~n}oz, Jordi and Falc{\'o}-Gimeno, Albert and Hern{\'a}ndez, Enrique},
	Date-Added = {2020-04-21 20:46:32 +0100},
	Date-Modified = {2020-05-12 23:31:48 +0100},
	Journal = {Political Analysis},
	Number = {2},
	Pages = {186--206},
	Publisher = {Cambridge University Press},
	Title = {Unexpected Event during Survey Design: Promise and Pitfalls for Causal Inference},
	Volume = {28},
	Year = {2020},
	Bdsk-Url-1 = {https://doi.org/10.1017/pan.2019.27}}

@article{rogowski2019critical-events,
	Author = {Rogowski, Jon C. and Tucker, Patrick D.},
	Date-Added = {2020-04-21 19:22:57 +0100},
	Date-Modified = {2020-05-12 23:31:48 +0100},
	Doi = {10.1017/psrm.2018.21},
	Journal = {Political Science Research and Methods},
	Number = {4},
	Pages = {903--911},
	Publisher = {Cambridge University Press},
	Title = {Critical Events and Attitude Change: Support for Gun Control After Mass Shootings},
	Volume = {7},
	Year = {2019},
	Bdsk-Url-1 = {https://doi.org/10.1017/psrm.2018.21}}

@article{newman2019mass-shootings-,
	Author = {Newman, Benjamin J. and Hartman, Todd K.},
	Date-Added = {2020-04-21 19:18:52 +0100},
	Date-Modified = {2020-05-12 23:31:48 +0100},
	Doi = {10.1017/S0007123417000333},
	Journal = {British Journal of Political Science},
	Number = {4},
	Pages = {1527--1553},
	Publisher = {Cambridge University Press},
	Title = {Mass Shootings and Public Support for Gun Control},
	Volume = {49},
	Year = {2019},
	Bdsk-Url-1 = {https://doi.org/10.1017/S0007123417000333}}
